@ONLINE{Dart:2012:Online
	month = mar,
	year = {2012},
	url = {http://www.dartlang.org/}
}
@phdthesis{TypedScheme:2010,
	author = {Tobin-Hochstadt, Sam},
	citeulike-article-id = {7796546},
	month = jan,
	posted-at = {2010-09-08 04:01:17},
	priority = {2},
	school = {Northeastern University},
	title = {{Typed Scheme: From Scripts to Programs}},
	year = {2010}
}

@ARTICLE{Pluggable:2011,
	author = {Lehtosalo, Jukka and Greaves, David J.},
	title = {Language with a Pluggable Type System and Optional Runtime Monitoring of Type Errors},
	year = {2011}
}
@MISC{Millstein02modularstatically,
	author = {Todd Millstein and Craig Chambers},
	title = { Modular Statically Typed Multimethods},
	year = {2002}
}

@inproceedings{Strickland:2009:PVP:1532974.1532978,
	author = {Strickland, T. Stephen and Tobin-Hochstadt, Sam and Felleisen, Matthias},
	title = {Practical Variable-Arity Polymorphism},
	booktitle = {Proceedings of the 18th European Symposium on Programming Languages and Systems: Held as Part of the Joint European Conferences on Theory and Practice of Software, ETAPS 2009},
	series = {ESOP '09},
	year = {2009},
	isbn = {978-3-642-00589-3},
	location = {York, UK},
	pages = {32--46},
	numpages = {15},
	url = {http://dx.doi.org/10.1007/978-3-642-00590-9_3},
	acmid = {1532978},
	publisher = {Springer-Verlag},
	address = {Berlin, Heidelberg},
} 

@article{Tobin-Hochstadt:2008:DIT:1328897.1328486,
	author = {Tobin-Hochstadt, Sam and Felleisen, Matthias},
	title = {The design and implementation of typed scheme},
	journal = {SIGPLAN Not.},
	issue_date = {January 2008},
	volume = {43},
	number = {1},
	month = jan,
	year = {2008},
	issn = {0362-1340},
	pages = {395--406},
	numpages = {12},
	url = {http://doi.acm.org/10.1145/1328897.1328486},
	acmid = {1328486},
	publisher = {ACM},
	address = {New York, NY, USA},
	keywords = {scheme, type systems},
} 

@article{Tobin-Hochstadt:2010:LTU:1932681.1863561,
	author = {Tobin-Hochstadt, Sam and Felleisen, Matthias},
	title = {Logical types for untyped languages},
	journal = {SIGPLAN Not.},
	issue_date = {September 2010},
	volume = {45},
	number = {9},
	month = sep,
	year = {2010},
	issn = {0362-1340},
	pages = {117--128},
	numpages = {12},
	url = {http://doi.acm.org/10.1145/1932681.1863561},
	acmid = {1863561},
	publisher = {ACM},
	address = {New York, NY, USA},
	keywords = {logic, type systems, untyped languages},
} 

