@phdthesis{TypedScheme:2010,
	author = {Tobin-Hochstadt, Sam},
	citeulike-article-id = {7796546},
	month = jan,
	posted-at = {2010-09-08 04:01:17},
	priority = {2},
	school = {Northeastern University},
	title = {{Typed Scheme: From Scripts to Programs}},
	year = {2010}
}

