@inproceedings{STF09,
  author = {Strickland, T. Stephen and Tobin-Hochstadt, Sam and Felleisen, Matthias},
  title = {Practical Variable-Arity Polymorphism},
  booktitle = {Proceedings of the 18th European Symposium on Programming Languages and Systems: Held as Part of the Joint European Conferences on Theory and Practice of Software, ETAPS 2009},
  series = {ESOP '09},
  year = {2009},
  isbn = {978-3-642-00589-3},
  location = {York, UK},
  pages = {32--46},
  numpages = {15},
  url = {http://dx.doi.org/10.1007/978-3-642-00590-9_3},
  publisher = {Springer-Verlag},
  address = {Berlin, Heidelberg},
} 

@INPROCEEDINGS{DH94,
  author = {Hsianlin Dzeng and Christopher T. Haynes},
  title = {Type Reconstruction for Variable-Arity Procedures},
  booktitle = {In Proc. ACM Conf. on Lisp and Functional Programming},
  year = {1994},
  pages = {239--249},
  publisher = {ACM Press}
}

@phdthesis{Tob10,
  author = {Tobin-Hochstadt, Sam},
  title = {Typed Scheme: From Scripts to Programs},
  school = {Northeastern University},
  year =   2010
}

@phdthesis{Her10,
  author = {David Herman},
  title = {A Theory of Typed Hygienic Macros},
  school = {Northeastern University},
  address = {Boston, MA},
  year = 2010,
  month = may
}

@INPROCEEDINGS{MS02,
  author = {Todd Millstein and Craig Chambers},
  title = {Modular Statically Typed Multimethods},
  booktitle = {Information and Computation},
  year = {2002},
  pages = {279--303},
  publisher = {Springer-Verlag}
}

@TECHREPORT{OCD+,
  author = {Martin Odersky and Vincent Cremet and Iulian Dragos and Gilles Dubochet and Burak Emir and Sean McDirmid and St√©phane Micheloud and Nikolay Mihaylov and Michel Schinz and Erik Stenman and Lex Spoon and Matthias Zenger and et al.},
  title = {An overview of the Scala programming language (second edition)},
  year = {2006}
}

@INPROCEEDINGS{HP99,
  author = {Haruo Hosoya and Benjamin C. Pierce},
  title = {How Good is Local Type Inference?},
  year = {1999},
}

@article{TF10,
  author = {Tobin-Hochstadt, Sam and Felleisen, Matthias},
  title = {Logical types for untyped languages},
  journal = {SIGPLAN Not.},
  issue_date = {September 2010},
  volume = {45},
  number = {9},
  month = sep,
  year = {2010},
  issn = {0362-1340},
  pages = {117--128},
  numpages = {12},
  url = {http://doi.acm.org/10.1145/1932681.1863561},
  acmid = {1863561},
  publisher = {ACM},
  address = {New York, NY, USA},
  keywords = {logic, type systems, untyped languages},
} 

@article{TF08,
  author = {Tobin-Hochstadt, Sam and Felleisen, Matthias},
  title = {The design and implementation of typed scheme},
  journal = {SIGPLAN Not.},
  issue_date = {January 2008},
  volume = {43},
  number = {1},
  month = jan,
  year = {2008},
  issn = {0362-1340},
  pages = {395--406},
  numpages = {12},
  url = {http://doi.acm.org/10.1145/1328897.1328486},
  acmid = {1328486},
  publisher = {ACM},
  address = {New York, NY, USA},
  keywords = {scheme, type systems}
}

@article{PT00,
  author = {Pierce, Benjamin C. and Turner, David N.},
  title = {Local type inference},
  journal = {ACM Trans. Program. Lang. Syst.},
  issue_date = {Jan. 2000},
  volume = {22},
  number = {1},
  month = jan,
  year = {2000},
  issn = {0164-0925},
  pages = {1--44},
  numpages = {44},
  url = {http://doi.acm.org/10.1145/345099.345100},
  acmid = {345100},
  publisher = {ACM},
  address = {New York, NY, USA},
  keywords = {polymorphism, subtyping, type inference},
} 

@article{OZZ01,
  author = {Odersky, Martin and Zenger, Christoph and Zenger, Matthias},
  title = {Colored local type inference},
  journal = {SIGPLAN Not.},
  issue_date = {March 2001},
  volume = {36},
  number = {3},
  month = jan,
  year = {2001},
  issn = {0362-1340},
  pages = {41--53},
  numpages = {13},
  url = {http://doi.acm.org/10.1145/373243.360207},
  acmid = {360207},
  publisher = {ACM},
  address = {New York, NY, USA},
} 

@inproceedings{CCHOM89,
  author = {Canning, Peter and Cook, William and Hill, Walter and Olthoff, Walter and Mitchell, John C.},
  title = {F-bounded polymorphism for object-oriented programming},
  booktitle = {Proceedings of the fourth international conference on Functional programming languages and computer architecture},
  series = {FPCA '89},
  year = {1989},
  isbn = {0-89791-328-0},
  location = {Imperial College, London, United Kingdom},
  pages = {273--280},
  numpages = {8},
  url = {http://doi.acm.org/10.1145/99370.99392},
  acmid = {99392},
  publisher = {ACM},
  address = {New York, NY, USA},
} 

@TECHREPORT{Pie97,
  author = {Benjamin C. Pierce},
  title = {Bounded Quantification with Bottom},
  institution = {Computer Science Department, Indiana University},
  year = {1997}
}

@article{CRJ12,
  author = {Chugh, Ravi and Rondon, Patrick M. and Jhala, Ranjit},
  title = {Nested refinements: a logic for duck typing},
  journal = {SIGPLAN Not.},
  issue_date = {January 2012},
  volume = {47},
  number = {1},
  month = jan,
  year = {2012},
  issn = {0362-1340},
  pages = {231--244},
  numpages = {14},
  url = {http://doi.acm.org/10.1145/2103621.2103686},
  acmid = {2103686},
  publisher = {ACM},
  address = {New York, NY, USA},
  keywords = {dynamic languages, refinement types},
} 

@ONLINE{OS10,
  title = {The Scala 2.8 Collections API},
  author = {Odersky, Martin and Spoon, Lex},
  month = sep,
  year = {2010},
  url = {http://www.scala-lang.org/docu/files/collections-api/collections_0.html}
}

@MISC{BOSW98,
  author = {Gilad Bracha and Martin Odersky and David Stoutamire and Philip Wadler},
  title = {GJ: Extending the Java programming language with type parameters },
  year = {1998}
}

@INPROCEEDINGS{OW97,
  author = {Martin Odersky and Philip Wadler},
  title = {Pizza into Java: Translating theory into practice},
  booktitle = {In Proc. 24th ACM Symposium on Principles of Programming Languages},
  year = {1997},
  pages = {146--159},
  publisher = {ACM Press}
}

@article{WC97,
  author = {Wright, Andrew K. and Cartwright, Robert},
  title = {A practical soft type system for scheme},
  journal = {ACM Trans. Program. Lang. Syst.},
  issue_date = {Jan. 1997},
  volume = {19},
  number = {1},
  month = jan,
  year = {1997},
  issn = {0164-0925},
  pages = {87--152},
  numpages = {66},
  url = {http://doi.acm.org/10.1145/239912.239917},
  doi = {10.1145/239912.239917},
  acmid = {239917},
  publisher = {ACM},
  address = {New York, NY, USA},
  keywords = {run-time checks, soft typing},
} 

@INPROCEEDINGS{AM91,
  author = {Alexander Aiken and Brian R. Murphy},
  title = {Static Type Inference in a Dynamically Typed Language},
  booktitle = {In Eighteenth Annual ACM Symposium on Principles of Programming Languages},
  year = {1991},
  pages = {279--290},
  publisher = {ACM}
}

@article{CF91,
  author = {Cartwright, Robert and Fagan, Mike},
  title = {Soft typing},
  journal = {SIGPLAN Not.},
  issue_date = {June 1991},
  volume = {26},
  number = {6},
  month = may,
  year = {1991},
  issn = {0362-1340},
  pages = {278--292},
  numpages = {15},
  url = {http://doi.acm.org/10.1145/113446.113469},
  doi = {10.1145/113446.113469},
  acmid = {113469},
  publisher = {ACM},
  address = {New York, NY, USA},
} 

@phdthesis{Fag91,
  author = {Fagan, Mike},
  title = {Soft typing: an approach to type checking for dynamically typed languages},
  year = {1991},
  note = {UMI Order No. GAX91-36021},
  publisher = {Rice University},
  address = {Houston, TX, USA},
} 

@inproceedings{WF09,
  author = {Wadler, Philip and Findler, Robert Bruce},
  title = {Well-Typed Programs Can't Be Blamed},
  booktitle = {Proceedings of the 18th European Symposium on Programming Languages and Systems: Held as Part of the Joint European Conferences on Theory and Practice of Software, ETAPS 2009},
  series = {ESOP '09},
  year = {2009},
  isbn = {978-3-642-00589-3},
  location = {York, UK},
  pages = {1--16},
  numpages = {16},
  url = {http://dx.doi.org/10.1007/978-3-642-00590-9_1},
  doi = {10.1007/978-3-642-00590-9_1},
  acmid = {1532976},
  publisher = {Springer-Verlag},
  address = {Berlin, Heidelberg},
} 

@inproceedings{Rey81,
  author = {John C. Reynolds},
  title = {The essence of algol},
  booktitle = {Proceedings of the International Symposium on Algorithmic Languages},
  pages = {345--372}
}
  

@TECHREPORT{Rey96,
  author = {John C. Reynolds},
  title = {Design of the Programming Language Forsythe},
  institution = {},
  year = {1996}
}

@phdthesis{Dav05,
  author = {Davies, Rowan},
  title = {Practical refinement-type checking},
  year = {2005},
  isbn = {0-542-04587-7},
  note = {AAI3168521},
  publisher = {Carnegie Mellon University},
  address = {Pittsburgh, PA, USA},
} 

% talk given STOP 2009
@ONLINE{Fell09,
  title = {From Soft Scheme to Typed Scheme: 20 years of Scripts-to-Program conversion},
  author = {Felleisen, Matthias},
  year = {2009},
  url = {http://www.ccs.neu.edu/home/matthias/Presentations/STOP/stop.pdf}
}

@inproceedings{Wad95,
  author = {Wadler, Philip},
  title = {Monads for Functional Programming},
  booktitle = {Advanced Functional Programming, First International Spring School on Advanced Functional Programming Techniques-Tutorial Text},
  year = {1995},
  isbn = {3-540-59451-5},
  pages = {24--52},
  numpages = {29},
  url = {http://dl.acm.org/citation.cfm?id=647698.734146},
  acmid = {734146},
  publisher = {Springer-Verlag},
  address = {London, UK, UK},
} 

@MISC{Mar10,
  author = {Marlow Simon},
  title = {Haskell 2010 Language Report},
  year = {2010}
}

@ONLINE{Hic12,
  title = {algo.monads},
  author = {Hickey, Rich and contributors},
  year = {2012},
  month = {October},
  url = {https://github.com/clojure/algo.monads}
}

@book{Pie02,
  author = {Pierce, Benjamin C.},
  title = {Types and programming languages},
  year = {2002},
  isbn = {0-262-16209-1},
  publisher = {MIT Press},
  address = {Cambridge, MA, USA},
} 


@MISC{Rey01,
  author = {John C. Reynolds},
  title = {What do Types Mean? - From Intrinsic to Extrinsic Semantics},
  year = {2001}
}

@MISC{Pfe08,
  author = {Frank Pfenning},
  title = {Church and Curry: Combining Intrinsic and Extrinsic Typing},
  year = {2008}
}

@UNPUBLISHED{Har12,
  author = {Harper, Robert},
  title = {Practical Foundations for Programming Languages},
  month = {may},
  year = {2012}
}

@book{Mil97,
 author = {Milner, Robin and Tofte, Mads and Macqueen, David},
 title = {The  Definition of Standard ML},
 year = {1997},
 isbn = {0262631814},
 publisher = {MIT Press},
 address = {Cambridge, MA, USA},
} 

@ARTICLE{Mey92,
  author = {Bertrand Meyer},
  title = {Applying design by contract},
  journal = {IEEE Computer},
  year = {1992},
  volume = {25},
  pages = {40--51}
}

@inproceedings{St12,
 author = {St-Amour, Vincent and Tobin-Hochstadt, Sam and Flatt, Matthew and Felleisen, Matthias},
 title = {Typing the numeric tower},
 booktitle = {Proceedings of the 14th international conference on Practical Aspects of Declarative Languages},
 series = {PADL'12},
 year = {2012},
 isbn = {978-3-642-27693-4},
 location = {Philadelphia, PA},
 pages = {289--303},
 numpages = {15},
 url = {http://dx.doi.org/10.1007/978-3-642-27694-1_21},
 doi = {10.1007/978-3-642-27694-1_21},
 acmid = {2187146},
 publisher = {Springer-Verlag},
 address = {Berlin, Heidelberg},
} 


@article{MPO08,
 author = {Moors, Adriaan and Piessens, Frank and Odersky, Martin},
 title = {Generics of a higher kind},
 journal = {SIGPLAN Not.},
 issue_date = {September 2008},
 volume = {43},
 number = {10},
 month = oct,
 year = {2008},
 issn = {0362-1340},
 pages = {423--438},
 numpages = {16},
 url = {http://doi.acm.org/10.1145/1449955.1449798},
 doi = {10.1145/1449955.1449798},
 acmid = {1449798},
 publisher = {ACM},
 address = {New York, NY, USA},
 keywords = {Scala, higher-kinded types, higher-order genericity, type constructor polymorphism},
} 

@MISC{Tob12,
  author = {Tobin-Hochstadt, Tobin},
  title = {Personal communication},
  year = {2012},
  month = {October}
}

@incollection{Hay91,
  year={1991},
  isbn={978-3-540-54415-9},
  booktitle={Theoretical Aspects of Computer Software},
  volume={526},
  series={Lecture Notes in Computer Science},
  editor={Ito, Takayasu and Meyer, AlbertR.},
  doi={10.1007/3-540-54415-1_71},
  title={Singleton, union and intersection types for program extraction},
  url={http://dx.doi.org/10.1007/3-540-54415-1_71},
  publisher={Springer Berlin Heidelberg},
  author={Hayashi, Susumu},
  pages={701-730}
}


@inproceedings{FP91,
 author = {Freeman, Tim and Pfenning, Frank},
 title = {Refinement types for ML},
 booktitle = {Proceedings of the ACM SIGPLAN 1991 conference on Programming language design and implementation},
 series = {PLDI '91},
 year = {1991},
 isbn = {0-89791-428-7},
 location = {Toronto, Ontario, Canada},
 pages = {268--277},
 numpages = {10},
 url = {http://doi.acm.org/10.1145/113445.113468},
 doi = {10.1145/113445.113468},
 acmid = {113468},
 publisher = {ACM},
 address = {New York, NY, USA},
} 

@article{CDV81,
  author = {Coppo, M. and Dezani-Ciancaglini, M. and Venneri, B.},
  title = {Functional Characters of Solvable Terms},
  journal = {Mathematical Logic Quarterly},
  volume = {27},
  number = {2-6},
  publisher = {WILEY-VCH Verlag Berlin GmbH},
  issn = {1521-3870},
  url = {http://dx.doi.org/10.1002/malq.19810270205},
  doi = {10.1002/malq.19810270205},
  pages = {45--58},
  year = {1981},
}

@ONLINE{Dart2012,
  title = {Dart Homepage},
  author = {Google},
  year = {2012},
  url = {http://www.dartlang.org/}
}

@ONLINE{TypeS2012,
  title = {Typescript Homepage},
  author = {Microsoft},
  year = {2012},
  url = {http://www.typescriptlang.org/}
}

@ONLINE{Analyze2012,
  title = {analyze Github Repository},
  author = {Bonnaire-Sergeant, Ambrose and contributors},
  year = {2012},
  url = {https://github.com/frenchy64/analyze}
}

@article{Chu40,
  author = {Church, Alonzo},
  title = {A formulation of the simple theory of types},
  journal = {Journal of Symbolic Logic},
  year = {1940},
  volume = {5},
  pages = {56--68}
}

@article{Cur34,
  author = {Curry, H. B.},
  title = {Functionality in combinatory logic},
  journal = {Proceedings of the National Academy of Sciences},
  volume = {20},
  pages = {584--590},
  year = {1934}
}

@MISC{Wan89,
  author = {Mitchell Wand},
  title = {Type Inference for Record Concatenation and Multiple Inheritance},
  year = {1989}
}

@INPROCEEDINGS{CM91,
  author = {Luca Cardelli and John C. Mitchell},
  title = {Operations on records},
  booktitle = {Mathematical Structures in Computer Science},
  year = {1991},
  pages = {3--48}
}

@INPROCEEDINGS{HP91,
  author = {Robert Harper and Benjamin Pierce},
  title = {A Record Calculus Based on Symmetric Concatenation},
  booktitle = {In Proc. of the ACM Symp. on Principles of Programming Languages},
  year = {1991},
  pages = {131--142},
  publisher = {ACM}
}

@MISC{Fur+09,
  author = {Michael Furr and et al.},
  title = {Static Type Inference for Ruby},
  year = {2009}
}

@online{InterfaceTutorial,
  title = {What Is an Interface?},
  year = {2012},
  author = {Oracle},
  url = {http://docs.oracle.com/javase/tutorial/java/concepts/interface.html}
}

@techreport{ACPR94,
  title = {Dynamic Typing in Polymorphic Languages},
  year = {1994},
  author = {Abardi, Martin and Cardelli, Luca and Pierce, Benjamin and Remy, Didier}
}
