@inproceedings{Strickland:2009:PVP:1532974.1532978,
  author = {Strickland, T. Stephen and Tobin-Hochstadt, Sam and Felleisen, Matthias},
  title = {Practical Variable-Arity Polymorphism},
  booktitle = {Proceedings of the 18th European Symposium on Programming Languages and Systems: Held as Part of the Joint European Conferences on Theory and Practice of Software, ETAPS 2009},
  series = {ESOP '09},
  year = {2009},
  isbn = {978-3-642-00589-3},
  location = {York, UK},
  pages = {32--46},
  numpages = {15},
  url = {http://dx.doi.org/10.1007/978-3-642-00590-9_3},
  publisher = {Springer-Verlag},
  address = {Berlin, Heidelberg},
} 

@INPROCEEDINGS{Dzeng94typereconstruction,
  author = {Hsianlin Dzeng and Christopher T. Haynes},
  title = {Type Reconstruction for Variable-Arity Procedures},
  booktitle = {In Proc. ACM Conf. on Lisp and Functional Programming},
  year = {1994},
  pages = {239--249},
  publisher = {ACM Press}
}

@phdthesis{SAMTH:dissertation,
  author = {Tobin-Hochstadt, Sam},
  title = {Typed Scheme: From Scripts to Programs},
  school = {Northeastern University},
  year =   2010
}

@phdthesis {Herman10:Theory,
  author = {David Herman},
  title = {A Theory of Typed Hygienic Macros},
  school = {Northeastern University},
  address = {Boston, MA},
  year = 2010,
  month = may
}

@article{Tobin-Hochstadt:2010:LTU:1932681.1863561,
  author = {Tobin-Hochstadt, Sam and Felleisen, Matthias},
  title = {Logical types for untyped languages},
  journal = {SIGPLAN Not.},
  issue_date = {September 2010},
  volume = {45},
  number = {9},
  month = sep,
  year = {2010},
  issn = {0362-1340},
  pages = {117--128},
  numpages = {12},
  url = {http://doi.acm.org/10.1145/1932681.1863561},
  acmid = {1863561},
  publisher = {ACM},
  address = {New York, NY, USA},
  keywords = {logic, type systems, untyped languages},
} 

@INPROCEEDINGS{Millstein02modularstatically,
  author = {Todd Millstein and Craig Chambers},
  title = {Modular Statically Typed Multimethods},
  booktitle = {Information and Computation},
  year = {2002},
  pages = {279--303},
  publisher = {Springer-Verlag}
}

@TECHREPORT{Odersky06anoverview,
  author = {Martin Odersky and Vincent Cremet and Iulian Dragos and Gilles Dubochet and Burak Emir and Sean McDirmid and St√©phane Micheloud and Nikolay Mihaylov and Michel Schinz and Erik Stenman and Lex Spoon and Matthias Zenger and et al.},
  title = {An overview of the Scala programming language (second edition)},
  institution = {EMIR B, MCDIRMID S, MICHELOUD S, MIHAYLOV N, SCHINZ M,. STENMAN E, SPOON L, ZENGER M},
  year = {2006}
}

@INPROCEEDINGS{Hosoya99howgood,
  author = {Haruo Hosoya and Benjamin C. Pierce},
  title = {How Good is Local Type Inference?},
  booktitle = {},
  year = {1999},
  pages = {252--265}
}

@article{Tobin-Hochstadt:2010:LTU:1932681.1863561,
  author = {Tobin-Hochstadt, Sam and Felleisen, Matthias},
  title = {Logical types for untyped languages},
  journal = {SIGPLAN Not.},
  issue_date = {September 2010},
  volume = {45},
  number = {9},
  month = sep,
  year = {2010},
  issn = {0362-1340},
  pages = {117--128},
  numpages = {12},
  url = {http://doi.acm.org/10.1145/1932681.1863561},
  acmid = {1863561},
  publisher = {ACM},
  address = {New York, NY, USA},
  keywords = {logic, type systems, untyped languages},
} 

@article{Tobin-Hochstadt:2008:DIT:1328897.1328486,
  author = {Tobin-Hochstadt, Sam and Felleisen, Matthias},
  title = {The design and implementation of typed scheme},
  journal = {SIGPLAN Not.},
  issue_date = {January 2008},
  volume = {43},
  number = {1},
  month = jan,
  year = {2008},
  issn = {0362-1340},
  pages = {395--406},
  numpages = {12},
  url = {http://doi.acm.org/10.1145/1328897.1328486},
  acmid = {1328486},
  publisher = {ACM},
  address = {New York, NY, USA},
  keywords = {scheme, type systems}
}

@article{Pierce:2000:LTI:345099.345100,
  author = {Pierce, Benjamin C. and Turner, David N.},
  title = {Local type inference},
  journal = {ACM Trans. Program. Lang. Syst.},
  issue_date = {Jan. 2000},
  volume = {22},
  number = {1},
  month = jan,
  year = {2000},
  issn = {0164-0925},
  pages = {1--44},
  numpages = {44},
  url = {http://doi.acm.org/10.1145/345099.345100},
  acmid = {345100},
  publisher = {ACM},
  address = {New York, NY, USA},
  keywords = {polymorphism, subtyping, type inference},
} 

@article{Odersky:2001:CLT:373243.360207,
  author = {Odersky, Martin and Zenger, Christoph and Zenger, Matthias},
  title = {Colored local type inference},
  journal = {SIGPLAN Not.},
  issue_date = {March 2001},
  volume = {36},
  number = {3},
  month = jan,
  year = {2001},
  issn = {0362-1340},
  pages = {41--53},
  numpages = {13},
  url = {http://doi.acm.org/10.1145/373243.360207},
  acmid = {360207},
  publisher = {ACM},
  address = {New York, NY, USA},
} 

@inproceedings{Canning:1989:FPO:99370.99392,
  author = {Canning, Peter and Cook, William and Hill, Walter and Olthoff, Walter and Mitchell, John C.},
  title = {F-bounded polymorphism for object-oriented programming},
  booktitle = {Proceedings of the fourth international conference on Functional programming languages and computer architecture},
  series = {FPCA '89},
  year = {1989},
  isbn = {0-89791-328-0},
  location = {Imperial College, London, United Kingdom},
  pages = {273--280},
  numpages = {8},
  url = {http://doi.acm.org/10.1145/99370.99392},
  acmid = {99392},
  publisher = {ACM},
  address = {New York, NY, USA},
} 

@TECHREPORT{Pierce97boundedquantification,
  author = {Benjamin C. Pierce},
  title = {Bounded Quantification with Bottom},
  institution = {Computer Science Department, Indiana University},
  year = {1997}
}

@article{Chugh:2012:NRL:2103621.2103686,
  author = {Chugh, Ravi and Rondon, Patrick M. and Jhala, Ranjit},
  title = {Nested refinements: a logic for duck typing},
  journal = {SIGPLAN Not.},
  issue_date = {January 2012},
  volume = {47},
  number = {1},
  month = jan,
  year = {2012},
  issn = {0362-1340},
  pages = {231--244},
  numpages = {14},
  url = {http://doi.acm.org/10.1145/2103621.2103686},
  acmid = {2103686},
  publisher = {ACM},
  address = {New York, NY, USA},
  keywords = {dynamic languages, refinement types},
} 

@ONLINE{Scala:Collections,
  title = {The Scala 2.8 Collections API},
  author = {Odersky, Martin and Spoon, Lex},
  month = sep,
  year = {2010},
  url = {http://www.scala-lang.org/docu/files/collections-api/collections_0.html}
}

@MISC{Bracha98gj:extending,
  author = {Gilad Bracha and Martin Odersky and David Stoutamire and Philip Wadler},
  title = {GJ: Extending the Java programming language with type parameters },
  year = {1998}
}

@INPROCEEDINGS{Odersky97pizzainto,
  author = {Martin Odersky and Philip Wadler},
  title = {Pizza into Java: Translating theory into practice},
  booktitle = {In Proc. 24th ACM Symposium on Principles of Programming Languages},
  year = {1997},
  pages = {146--159},
  publisher = {ACM Press}
}
